@online{owasp:xss,
	ALTauthor = {KirstenS},
	title = {Cross Site Scripting (XSS)},
	url = {https://owasp.org/www-community/attacks/xss/},
}

@online{owasp:csrf,
	ALTauthor = {KirstenS},
	title = {Cross Site Request Forgery (CSRF)},
	url = {https://owasp.org/www-community/attacks/csrf},
}

@online{owasp:clickjacking,
	ALTauthor = {Gustav Rydstedt},
	title = {Clickjacking},
	url = {https://owasp.org/www-community/attacks/Clickjacking},
}

  @misc{wiki:xss,
	author = "{Wikipedia contributors}",
	title = "Cross-site scripting --- {Wikipedia}{,} The Free Encyclopedia",
	year = "2021",
	url = "https://en.wikipedia.org/w/index.php?title=Cross-site_scripting&oldid=1019545290",
	note = "[Online; accessed 29-April-2021]"
}
